<record><leader>00000cas a22000007a 4500</leader><controlfield tag="001">21783710</controlfield><controlfield tag="008">900612d19131971ohudn ne      0    0eng d</controlfield><datafield ind1=" " ind2=" " tag="010"><subfield code="a">sn 90068548 </subfield></datafield><datafield ind1=" " ind2=" " tag="040"><subfield code="a">ONP</subfield><subfield code="b">eng</subfield><subfield code="c">ONP</subfield><subfield code="d">OCLCQ</subfield></datafield><datafield ind1=" " ind2=" " tag="042"><subfield code="a">msc</subfield></datafield><datafield ind1="0" ind2=" " tag="130"><subfield code="a">Defiance crescent-news (Defiance, Ohio : 1913)</subfield></datafield><datafield ind1="1" ind2="0" tag="245"><subfield code="a">Defiance crescent-news.</subfield></datafield><datafield ind1=" " ind2=" " tag="260"><subfield code="a">Defiance, Ohio :</subfield><subfield code="b">Crescent Pub. Co.,</subfield><subfield code="c">1913-1971.</subfield></datafield><datafield ind1=" " ind2=" " tag="300"><subfield code="a">v.</subfield></datafield><datafield ind1=" " ind2=" " tag="310"><subfield code="a">Daily (except Sun.)</subfield></datafield><datafield ind1="0" ind2=" " tag="362"><subfield code="a">Vol. [24], no. 198 (Mar. 17, 1913)-83rd year, no. 269 (May 15, 1971).</subfield></datafield><datafield ind1=" " ind2=" " tag="752"><subfield code="a">United States</subfield><subfield code="b">Ohio</subfield><subfield code="c">Defiance</subfield><subfield code="d">Defiance.</subfield></datafield><datafield ind1="0" ind2="0" tag="780"><subfield code="t">Daily crescent-news</subfield><subfield code="w">(DLC)sn 90068543</subfield></datafield><datafield ind1="0" ind2="0" tag="785"><subfield code="t">Crescent-news</subfield><subfield code="w">(DLC)sn 89075250</subfield></datafield></record>